<?xml version="1.0" encoding="UTF-8"?><collection xmlns="http://www.loc.gov/MARC21/slim"><record><leader>00494nam--2200157-i-4500</leader><controlfield tag="001">000010189</controlfield><controlfield tag="002">20161230</controlfield><controlfield tag="005">20170302233332</controlfield><controlfield tag="008">060222s1000------------r-----000-0-eng-d</controlfield><datafield ind1=" " ind2=" " tag="100"><subfield code="a">Dyrssen, David</subfield></datafield><datafield ind1=" " ind2=" " tag="245"><subfield code="a">Computer calculation of ionic equilibria and titration procedures. With specific reference to anallytical chemistry</subfield></datafield><datafield ind1=" " ind2=" " tag="260"><subfield code="a">Stockholm</subfield><subfield code="b">Almqvisst &amp; Wiksell</subfield><subfield code="c">1968</subfield></datafield><datafield ind1=" " ind2=" " tag="300"><subfield code="a">250 p</subfield></datafield><datafield ind1=" " ind2=" " tag="700"><subfield code="a">Wangelin, Fredrik</subfield></datafield><datafield ind1=" " ind2=" " tag="852"><subfield code="a">543.244.6:681.3.06</subfield></datafield><datafield ind1=" " ind2=" " tag="CAT"><subfield code="a">SYS</subfield><subfield code="c">20170302</subfield><subfield code="h">233332</subfield></datafield></record></collection>